@CONFERENCE{v8highperformance,
  author = {Mads Ager},
  title = {Google {I}/{O} 2009 -- {V}8: {H}igh {P}erformance {J}avaScript {E}ngine},
  year = {2009},
  owner = {Sebastian Poreba},
  timestamp = {2013.09.07}
}

@ARTICLE{socialgames2012,
  author = {casualconnect.org},
  title = {{S}ocial {N}etwork {G}ames 2012 {C}asual {G}ames {S}ector {R}eport},
  year = {2013},
  owner = {Sebastian Poreba},
  timestamp = {2013.09.17}
}

@ARTICLE{stateoftheinternet,
  author = {Akamai},
  title = {State of the {I}nternet},
  howpublished = "\url{http://www.akamai.com/stateoftheinternet/}",
  year = {2013},
  owner = {Sebastian Poreba},
  timestamp = {2013.09.17}
}

@MISC{Franz94code-generationon-the-fly:,
    author = {Michael Steffen Oliver Franz},
    title = {Code-{G}eneration {O}n-the-{F}ly: {A} {K}ey to {P}ortable {S}oftware},
    year = {1994}
}


@CONFERENCE{breakingjsspeedlimit,
  author = {Daniel Clifford},
  title = {Google {I}/{O} 2012 -- {B}reaking the {J}avaScript {S}peed {L}imit with {V}8},
  year = {2012},
  owner = {Sebastian Poreba},
  timestamp = {2013.09.07}
}

@ELECTRONIC{atourofv8,
  author = {Jay Conrod},
  title = {A tour of {V}8: full compiler},
  howpublished = "\url{http://www.jayconrod.com/posts/51/a-tour-of-v8-full-compiler}",
  owner = {Sebastian Poreba},
  timestamp = {2013.09.07}
}

@BOOK{goodparts,
  title = {JavaScript: {T}he {G}ood {P}arts},
  publisher = {O'Reilly},
  year = {2008},
  author = {Douglas Crockford},
  owner = {Sebastian Poreba},
  timestamp = {2013.09.07}
}

@ELECTRONIC{theraceforspeed,
  author = {John Dalziel},
  title = {The race for speed series},
  howpublished = "\url{http://creativejs.com/2013/06/the-race-for-speed-part-1-the-javascript-engine-family-tree/}",
  owner = {Sebastian Poreba},
  timestamp = {2013.09.07}
}

@ELECTRONIC{egorov,
  author = {Vyacheslav Egorov},
  title = {Series of articles on {V}8},
  howpublished = "\url{http://mrale.ph/blog/}",
  owner = {Sebastian Poreba},
  timestamp = {2013.09.07}
}

@CONFERENCE{understandingv8,
  author = {Vyacheslav Egorov},
  title = {Understanding {V}8},
  year = {2011},
  owner = {Sebastian Poreba},
  timestamp = {2013.09.07}
}

@BOOK{realtimecollisiondetection,
  title = {Real-{T}ime {C}ollision {D}etection},
  publisher = {CRC Press},
  year = {2004},
  author = {Christer Ericson},
  owner = {Sebastian Poreba},
  timestamp = {2013.09.07}
}

@ELECTRONIC{floitsch,
  author = {Florian Loitsch},
  title = {Optimizing fo {V}8 series},
  howpublished = "\url{http://floitsch.blogspot.com/}",
  owner = {Sebastian Poreba},
  timestamp = {2013.09.07}
}

@BOOK{gamephysicsenginedev,
  title = {Game physics engine development},
  publisher = {CRC Press},
  year = {2010},
  author = {Ian Millington},
  owner = {Sebastian Poreba},
  timestamp = {2013.09.07}
}

@ELECTRONIC{asmjsresig,
  author = {John Resig},
  title = {Asm.js: {T}he {J}avaScript {C}ompile {T}arget},
  howpublished = "\url{http://ejohn.org/blog/asmjs-javascript-compile-target/}",
  owner = {Sebastian Poreba},
  timestamp = {2013.09.12}
}

@CONFERENCE{fromconsoletochrome,
  author = {Lilli Thompson},
  title = {{G}{D}{C} 2012: {F}rom {C}onsole to {C}hrome},
  year = {2012},
  owner = {Sebastian Poreba},
  timestamp = {2013.09.07}
}

@BOOK{casualgamedesign,
  title = {Casual {G}ame {D}esign: {D}esigning {P}lay for the {G}amer in {A}LL of {U}s},
  publisher = {CRC Press},
  year = {2010},
  author = {Gregory Trefry},
  owner = {Sebastian Poreba},
  timestamp = {2013.09.15}
}

@CONFERENCE{asmjsjsdc,
  author = {Vladimir Vukicevic},
  title = {JavaScript {D}evelopers {C}onference {T}aiwan 2013 -- {H}igh performance games
	and more in {J}avaScript with asm.js},
  year = {2013},
  owner = {Sebastian Poreba},
  timestamp = {2013.09.13}
}

@ELECTRONIC{andywingo,
  author = {Andy Wingo},
  title = {Series of articles on {V}8},
  howpublished = "\url{http://wingolog.org/tags/v8}",
  owner = {Sebastian Poreba},
  timestamp = {2013.09.07}
}

@BOOK{highperformancejavascript,
  title = {High {P}erformance {J}avaScript},
  publisher = {O'Reilly},
  year = {2010},
  author = {Nicholas C. Zakas},
  owner = {Sebastian Poreba},
  timestamp = {2013.09.07}
}

@ELECTRONIC{gta,
  title = {G{T}{A} {V} dev costs over \$137 million, says analyst},
  howpublished = "\url{http://www.gamesindustry.biz/articles/2013-02-01-gta-v-dev-costs-over-USD137-million-says-analyst}",
  owner = {Sebastian Poreba},
  timestamp = {2013.09.17}
}

@ELECTRONIC{smartphones,
  title = {Gartner {S}ays {W}orldwide {P}{C}, {T}ablet and {M}obile {P}hone {C}ombined {S}hipments
	to {R}each 2.4 {B}illion {U}nits in 2013},
  howpublished = "\url{http://www.gartner.com/newsroom/id/2408515}",
  owner = {Sebastian Poreba},
  timestamp = {2013.09.17}
}

@ELECTRONIC{spherescollision,
  title = {Pool {H}all {L}essons: {F}ast, {A}ccurate {C}ollision {D}etection {B}etween {C}ircles
	or {S}pheres},
  howpublished = "\url{http://www.gamasutra.com/view/feature/131424/pool\_hall\_lessons\_fast\_accurate\_.php}",
  owner = {Sebastian Poreba},
  timestamp = {2013.09.17}
}

@ELECTRONIC{v8designdoc,
  title = {V8 documentation},
  howpublished = "\url{https://developers.google.com/v8/design}",
  owner = {Sebastian Poreba},
  timestamp = {2013.09.07}
}

@ELECTRONIC{js13kgames,
  title = {js13k {H}{T}{M}{L}5 game development competition},
  howpublished = "\url{http://js13kgames.com/}",
  owner = {Sebastian Poreba},
  timestamp = {2013.09.17}
}

@ELECTRONIC{nodejs,
  title = {Node.js -- server side {J}ava{S}cript},
  howpublished = "\url{http://nodejs.org/}",
  owner = {Sebastian Poreba},
  timestamp = {2013.09.17}
}

@ELECTRONIC{espruino,
  title = {Espruino -- hardware board running {J}ava{S}cript},
  howpublished = "\url{http://www.espruino.com/}",
  owner = {Sebastian Poreba},
  timestamp = {2013.09.17}
}

@ELECTRONIC{coder,
  author = {Google},
  title = {Coder for Raspberry Pi},
  howpublished = "\url{http://googlecreativelab.github.io/coder/}",
  owner = {Sebastian Poreba},
  timestamp = {2013.09.17}
}

@ELECTRONIC{steam,
  title = {Steam store},
  howpublished = "\url{http://store.steampowered.com/}",
  owner = {Sebastian Poreba},
  timestamp = {2013.09.17}
}

@ELECTRONIC{phonegap,
  title = {Phonegap},
  howpublished = "\url{http://phonegap.com/}",
  owner = {Sebastian Poreba},
  timestamp = {2013.09.17}
}

@ELECTRONIC{impactjs,
  title = {Impact{J}{S} -- HTML5 game engine},
  howpublished = "\url{http://impactjs.com/}",
  owner = {Sebastian Poreba},
  timestamp = {2013.09.17}
}

@ELECTRONIC{turbulenz,
  title = {Turbulenz -- HTML5 game engine},
  howpublished = "\url{http://biz.turbulenz.com/turbulenz}",
  owner = {Sebastian Poreba},
  timestamp = {2013.09.17}
}

@ELECTRONIC{isogenicengine,
  title = {Isogenic -- HTML5 game engine},
  howpublished = "\url{http://www.isogenicengine.com/}",
  owner = {Sebastian Poreba},
  timestamp = {2013.09.17}
}


@ELECTRONIC{rome,
  title = {Rome -- 3 dreams of black},
  howpublished = "\url{http://www.ro.me/}",
  owner = {Sebastian Poreba},
  timestamp = {2013.09.17}
}

@ELECTRONIC{exploitative-game-design,
  author = {E. McNeill},
  title = {Exploitative {G}ame {D}esign: {B}eyond the {F}2{P} {D}ebate},
  howpublished = "\url{http://www.emcneill.com/exploitative-game-design-beyond-the-f2p-debate/}",
  owner = {Sebastian Poreba},
  timestamp = {2013.09.17}
}


@ELECTRONIC{firefox-to-get-massive-javascript-performance-boost,
  title = {Firefox to get massive JavaScript performance boost},
  howpublished = "\url{http://arstechnica.com/information-technology/2008/08/firefox-to-get-massive-javascript-performance-boost/}",
  owner = {Sebastian Poreba},
  timestamp = {2013.09.17}
}

@ELECTRONIC{improving-javascript-performance-with-jagermonkey,
  title = {Improving {J}ava{S}cript performance with {J}ager{M}onkey},
  howpublished = "\url{https://hacks.mozilla.org/2010/03/improving-javascript-performance-with-jagermonkey/}",
  owner = {Sebastian Poreba},
  timestamp = {2013.09.17}
}

@ELECTRONIC{trace-jit-removed-from-firefox,
  title = {Trace {J}{I}{T} removed from {F}irefox},
  howpublished = "\url{http://blog.mozilla.org/nnethercote/2011/11/23/memshrink-progress-report-week-23/}",
  owner = {Sebastian Poreba},
  timestamp = {2013.09.17}
}


@ELECTRONIC{cheneys-algorithm,
  title = {Cheney's\_algorithm},
  howpublished = "\url{http://en.wikipedia.org/wiki/Cheney's\_algorithm}",
  owner = {Sebastian Poreba},
  timestamp = {2013.09.17}
}


@ELECTRONIC{garbage-collection,
  title = {Garbage\_collection\_(computer\_science)},
  howpublished = "\url{http://en.wikipedia.org/wiki/Garbage\_collection\_(computer\_science)}",
  owner = {Sebastian Poreba},
  timestamp = {2013.09.17}
}


@ELECTRONIC{v8-profile-plotter,
  title = {V8 profile log plotter},
  howpublished = "\url{http://v8.googlecode.com/svn/branches/bleeding\_edge/tools/profviz/profviz.html}",
  owner = {Sebastian Poreba},
  timestamp = {2013.09.17}
}

@ELECTRONIC{javascript-assembly-of-web,
  author = {Scott Hanselman},
  title = {Java{S}cript is {W}eb {A}ssembly {L}anguage and that's {O}{K}.},
  howpublished = "\url{http://www.hanselman.com/blog/JavaScriptIsWebAssemblyLanguageAndThatsOK.aspx}",
  owner = {Sebastian Poreba},
  timestamp = {2013.09.17}
}

@ELECTRONIC{llvm,
  title = {The {L}{L}{V}{M} {C}ompiler {I}nfrastructure},
  howpublished = "\url{http://llvm.org/}",
  owner = {Sebastian Poreba},
  timestamp = {2013.09.17}
}

@ELECTRONIC{clang,
  title = {clang: a {C} language family frontend for {L}{L}{V}{M}},
  howpublished = "\url{http://clang.llvm.org/}",
  owner = {Sebastian Poreba},
  timestamp = {2013.09.17}
}

@ELECTRONIC{emscripten,
  title = {Emscripten -- {L}{L}{V}{M} to {J}ava{S}cript compiler},
  howpublished = "\url{https://github.com/kripken/emscripten/wiki}",
  owner = {Sebastian Poreba},
  timestamp = {2013.09.17}
}

@ELECTRONIC{asmjs,
  title = {Asm.js specification draft},
  howpublished = "\url{http://asmjs.org/spec/latest/}",
  owner = {Sebastian Poreba},
  timestamp = {2013.09.17}
}

@ELECTRONIC{epiccitadel,
  title = {Epic {C}itadel -- {U}nreal {E}ngine 3 technology demo},
  howpublished = "\url{http://www.unrealengine.com/en/showcase/udk/epic\_citadel/}",
  owner = {Sebastian Poreba},
  timestamp = {2013.09.17}
}

@ELECTRONIC{epiccitadelhtml5,
  title = {Epic {C}itadel converted to {J}ava{S}cript},
  howpublished = "\url{http://www.unrealengine.com/html5/}",
  owner = {Sebastian Poreba},
  timestamp = {2013.09.17}
}

@ELECTRONIC{ammojs,
  title = {Ammo.js - physics engine for {J}ava{S}cript},
  howpublished = "\url{https://github.com/kripken/ammo.js/}",
  owner = {Sebastian Poreba},
  timestamp = {2013.09.17}
}

@ELECTRONIC{best-practices-mobile,
  title = {Optimize for mobile -- best practices},
  howpublished = "\url{https://developers.google.com/speed/docs/best-practices/mobile}",
  owner = {Sebastian Poreba},
  timestamp = {2013.09.17}
}
